

@INPROCEEDINGS{Viola01_RapidObjDet,
  author = {Viola, P. and Jones, M.},
  title = {Rapid object detection using a boosted cascade of simple features},
  booktitle = {Computer Vision and Pattern Recognition, 2001. CVPR 2001. Proceedings of the 2001 IEEE Computer Society Conference on},
  year = {2001},
  volume = {1},
  pages = {I-511-I-518 vol.1},
   issn = {1063-6919},}

@INCOLLECTION{Ahonen04_FaceRecLBP,
  author = {Ahonen, Timo and Hadid, Abdenour and Pietik\"{a}inen, Matti},
  title = {Face Recognition with Local Binary Patterns},
  booktitle = {Computer Vision - ECCV 2004},
  publisher = {Springer Berlin Heidelberg},
  year = {2004},
  editor = {Pajdla, Tom\'{a}s and Matas, Ji\v{r}\'{i}},
  volume = {3021},
  series = {Lecture Notes in Computer Science},
  pages = {469-481},
  isbn = {978-3-540-21984-2},
 }
 
 @ARTICLE{Nuchter08_TowardsSemanticMaps,
   author = {N\"{u}chter, Andreas and Hertzberg, Joachim},
   title = {Towards Semantic Maps for Mobile Robots},
   journal = {Robot. Auton. Syst.},
   year = {2008},
   volume = {56},
   pages = {915--926},
   number = {11},
   acmid = {1453481},
   address = {Amsterdam, The Netherlands, The Netherlands},
   issn = {0921-8890},
   issue_date = {November, 2008},
   publisher = {North-Holland Publishing Co.},
   }
   
   @MANUAL{irlab,
   title = {Intelligent Robotics Lab (IRLab), School of Computer Science, University of Birmingham},
   author = {IRLab},
   howpublished =  {\url{http://www.cs.bham.ac.uk/research/groupings/robotics/}},
   year = {accessed May 2014},
}



@inproceedings{slam,
author = {Grisetti, Giorgio and Stachniss, Cyrill and Burgard, Wolfram},
booktitle = {IEEE International Conference on Robotics and Automation},
doi = {10.1109/ROBOT.2005.1570477},
pages = {2432 -- 2437},
title = {{Improving grid-based slam with rao-blackwellized particle filters by adaptive proposals and selective resampling}},
year = {2005}
}

@inproceedings{amcl,
  title={KLD-sampling: Adaptive particle filters},
  author={Fox, Dieter},
  booktitle={Advances in Neural Information Processing Systems (NIPS)},
  pages={713--720},
  year={2001}
}

@Misc{strands,
key = {z1},
title = {{STRANDS - Spatio-Temporal Representation and Activities for Cognitive Control in Long-term Scenarios}},
howpublished = {\url{(http://strands-project.eu/)}},
}

@Misc{cmu,
key = {z2},
title = {{CMU Sphinx- Open Source Toolkit For Speech Recognition}},
howpublished = {\url{http://cmusphinx.sourceforge.net}},
}

@Misc{cogx,
key = {z3},
title = {{CogX - Cognitive Systems that Self-Understand and Self-Extend}},
howpublished = {\url{http://cogx.eu}},
}

@Misc{ros,
key = {z4},
title = {{ROS - Robot Operating System}},
howpublished = {\url{http://www.ros.org}},
}

@Misc{smach,
key = {z5},
title = {{ROS SMACH - Python library to build hierarchical state machines}},
howpublished = {\url{http://wiki.ros.org/smach}},
}


